<?xml version="1.0" encoding="UTF-8"?><collection xmlns="http://www.loc.gov/MARC21/slim"><record><leader>00433nam--2200121-i-4500</leader><controlfield tag="001">000044144</controlfield><controlfield tag="002">20161230</controlfield><controlfield tag="005">20161230201044</controlfield><controlfield tag="008">060222s1000------------r-----000-0-eng-d</controlfield><datafield ind1=" " ind2=" " tag="100"><subfield code="a">Puckle, O.S</subfield></datafield><datafield ind1=" " ind2=" " tag="245"><subfield code="a">Bases de temps (generateurs de balayaage). avec des notes sur le tube a rayons cathodiques. avec un avant propos par e.b.moullin, traduit de l`anglais par m.rolland</subfield></datafield><datafield ind1=" " ind2=" " tag="260"><subfield code="a">Paris, `Etienne Chiron`, /1948/, 231p</subfield></datafield><datafield ind1=" " ind2=" " tag="852"><subfield code="a">2048</subfield></datafield></record></collection>